/Users/Alex/Documents/Mendeley Desktop/Master Thesis.bib